<record xmlns="http://www.loc.gov/MARC21/slim" xmlns:xsi="http://www.w3.org/2001/XMLSchema-instance" xsi:schemaLocation="http://www.loc.gov/MARC21/slim http://www.loc.gov/standards/marcxml/schema/MARC21slim.xsd"><leader>01021cz   2200265n  4500</leader><controlfield tag="001">oca00640040 </controlfield><controlfield tag="005">20001109173245.0</controlfield><controlfield tag="008">811019n| acannaab           |a aaa      </controlfield><datafield ind1=" " ind2=" " tag="010"><subfield code="a">n  81094864 </subfield></datafield><datafield ind1=" " ind2=" " tag="040"><subfield code="a">DLC</subfield><subfield code="c">DLC</subfield><subfield code="d">DLC</subfield><subfield code="d">NjP</subfield><subfield code="d">DLC</subfield></datafield><datafield ind1="0" ind2=" " tag="100"><subfield code="a">Nonnus,</subfield><subfield code="c">of Panopolis</subfield></datafield><datafield ind1="0" ind2=" " tag="400"><subfield code="a">Nonnus Panopolitanus</subfield><subfield code="w">nnaa</subfield></datafield><datafield ind1="0" ind2=" " tag="400"><subfield code="a">Nonnos,</subfield><subfield code="c">Panopolitanus</subfield></datafield><datafield ind1="0" ind2=" " tag="400"><subfield code="a">Panopolis, Nonnus of</subfield></datafield><datafield ind1="0" ind2=" " tag="400"><subfield code="a">Nonnos,</subfield><subfield code="c">von Panopolis</subfield></datafield><datafield ind1="0" ind2=" " tag="400"><subfield code="a">Nonnos,</subfield><subfield code="c">ho Panopolitēs</subfield></datafield><datafield ind1="0" ind2=" " tag="400"><subfield code="a">Nonnos,</subfield><subfield code="c">de Panopolis</subfield></datafield><datafield ind1="0" ind2=" " tag="400"><subfield code="a">Nonno,</subfield><subfield code="c">di Panopoli</subfield></datafield><datafield ind1="0" ind2=" " tag="500"><subfield code="a">Pseudo-Nonnos</subfield></datafield><datafield ind1=" " ind2=" " tag="670"><subfield code="a">Fauth, W. Eidos poikilon, 1981:</subfield><subfield code="b">t.p. (Nonnos von Panopolis)</subfield></datafield><datafield ind1=" " ind2=" " tag="670"><subfield code="a">Oxford class. dict.</subfield><subfield code="b">(Nonnus of Panopolis, epic poet)</subfield></datafield><datafield ind1=" " ind2=" " tag="670"><subfield code="a">Encycl. Brit.</subfield><subfield code="b">(Nonnus, fl. 5th cent. AD; b. in Panopolis)</subfield></datafield><datafield ind1=" " ind2=" " tag="670"><subfield code="a">Megalē hell. enkykl.</subfield><subfield code="b">(Nonnos ho Panopolitēs)</subfield></datafield><datafield ind1=" " ind2=" " tag="670"><subfield code="a">His Les Dionysiaques, 1976- :</subfield><subfield code="b">t. 4, t.p. (Nonnos de Panopolis)</subfield></datafield><datafield ind1=" " ind2=" " tag="670"><subfield code="a">Gigli Piccardi, D. Metafora e poetica in Nonno di Panopoli, c1985:</subfield><subfield code="b">t.p. (Nonno di Panopoli)</subfield></datafield></record>